<?xml version="1.0" encoding="UTF-8"?><collection xmlns="http://www.loc.gov/MARC21/slim"><record><leader>00405nam--2200133-i-4500</leader><controlfield tag="001">000002179</controlfield><controlfield tag="002">20161230</controlfield><controlfield tag="005">20161230201024</controlfield><controlfield tag="008">060222s1000------------r-----000-0-eng-d</controlfield><datafield ind1=" " ind2=" " tag="080"><subfield code="a">621.38(043)</subfield></datafield><datafield ind1=" " ind2=" " tag="100"><subfield code="a">Fiedler, Friedrich</subfield></datafield><datafield ind1=" " ind2=" " tag="245"><subfield code="a">Epitaktische ingaasp/inp-schichten fur komponenten der integrierten optik. dissert</subfield></datafield><datafield ind1=" " ind2=" " tag="260"><subfield code="a">Aachen, Rheinisch-westfalischen Technischen, 1987. 130p</subfield></datafield><datafield ind1=" " ind2=" " tag="852"><subfield code="a">78834</subfield></datafield></record></collection>